@article{sample_reference1,
  author  = {John Smith and Jane Doe},
  title   = {A Comprehensive Study on Dummy Variables},
  journal = {Journal of Placeholder Studies},
  year    = {2024},
  volume  = {12},
  number  = {3},
  pages   = {123--135},
  doi     = {10.1234/jps.2024.56789}
}

@book{sample_reference2,
  author    = {Jane Doe},
  title     = {The Art of Filler Text: A Guide to Dummy Content},
  publisher = {Placeholder Press},
  year      = {2023},
  edition   = {2nd},
  address   = {New York, NY},
  isbn      = {978-1-234-56789-0}
}

@inproceedings{Johnson2022,
  author    = {Emily Johnson and Mark Brown},
  title     = {Dummy Text in Modern Research},
  booktitle = {Proceedings of the International Placeholder Conference},
  year      = {2022},
  pages     = {45--50},
  organization = {International Placeholder Association}
}

@techreport{PlaceholderTech2021,
  author       = {Michael Placeholder},
  title        = {An Analysis of Placeholder Techniques},
  institution  = {Institute for Dummy Studies},
  year         = {2021},
  number       = {TR-4567},
  address      = {Los Angeles, CA}
}

@misc{LoremIpsum,
  author       = {Lorem Ipsum},
  title        = {The Origins of Lorem Ipsum Text},
  year         = {2020},
  note         = {Accessed: 2024-12-19},
  url          = {http://www.loremipsumexample.com}
}

@phdthesis{Thesis2020,
  author       = {Alex Dummy},
  title        = {Applications of Dummy Text in Thesis Writing},
  school       = {University of Placeholder Studies},
  year         = {2020},
  address      = {Placeholder City, PC},
  month        = {May}
}

@mastersthesis{Masters2021,
  author       = {Taylor Filler},
  title        = {Dummy Content for Master's Theses},
  school       = {Institute of Placeholder Arts},
  year         = {2021},
  address      = {Filler Town, FT},
  month        = {August}
}

@website{WebsiteExample,
  author       = {Chris Ipsum},
  title        = {Dummy Websites for Testing},
  year         = {2019},
  note         = {Accessed: 2024-12-19},
  url          = {http://www.dummywebsiteexample.com}
}

@software{Software2023,
  author       = {Placeholder Software Inc.},
  title        = {Dummy Text Generator v3.0},
  year         = {2023},
  note         = {Available at http://www.dummytextgenerator.com}
}

@manual{Manual2022,
  author       = {John Placeholder},
  title        = {Guide to Using Dummy Content},
  year         = {2022},
  organization = {Filler Publishing},
  address      = {Dummy City, DC},
  edition      = {1st}
}
